@article{amin2017collapsing,
  title={Collapsing towers of interpreters},
  author={Amin, Nada and Rompf, Tiark},
  journal={Proceedings of the ACM on Programming Languages},
  volume={2},
  number={POPL},
  pages={52},
  year={2017},
  publisher={ACM}
}

@inproceedings{ofenbeck2017staging,
  title={Staging for generic programming in space and time},
  author={Ofenbeck, Georg and Rompf, Tiark and P{\"u}schel, Markus},
  booktitle={ACM SIGPLAN Notices},
  volume={52},
  number={12},
  pages={15--28},
  year={2017},
  organization={ACM}
}

@inproceedings{gluck2009there,
  title={Is there a fourth Futamura projection?},
  author={Gl{\"u}ck, Robert},
  booktitle={Proceedings of the 2009 ACM SIGPLAN workshop on Partial evaluation and program manipulation},
  pages={51--60},
  year={2009},
  organization={ACM}
}

@inproceedings{henglein1994polymorphic,
  title={Polymorphic binding-time analysis},
  author={Henglein, Fritz and Mossin, Christian},
  booktitle={European Symposium on Programming},
  pages={287--301},
  year={1994},
  organization={Springer}
}

@incollection{danvy1999type,
  title={Type-directed partial evaluation},
  author={Danvy, Olivier},
  booktitle={Partial Evaluation},
  pages={367--411},
  year={1999},
  publisher={Springer}
}