@article{landin1964mechanical,
  title={The mechanical evaluation of expressions},
  author={Landin, Peter J},
  journal={The computer journal},
  volume={6},
  number={4},
  pages={308--320},
  year={1964},
  publisher={The British Computer Society}
}

@article{futamura1999partial,
  title={Partial evaluation of computation process--an approach to a compiler-compiler},
  author={Futamura, Yoshihiko},
  journal={Higher-Order and Symbolic Computation},
  volume={12},
  number={4},
  pages={381--391},
  year={1999},
  publisher={Springer}
}

@inproceedings{smith1984reflection,
  title={Reflection and semantics in {Lisp}},
  author={Smith, Brian Cantwell},
  booktitle={Proceedings of the 11th ACM SIGACT-SIGPLAN symposium on Principles of programming languages},
  pages={23--35},
  year={1984},
  organization={ACM}
}

@inproceedings{danvy1988intensions,
  title={Intensions and extensions in a reflective tower},
  author={Danvy, Olivier and Malmkjaer, Karoline},
  booktitle={Proceedings of the 1988 ACM conference on LISP and functional programming},
  pages={327--341},
  year={1988},
  organization={ACM}
}

@article{wand1988mystery,
  title={The mystery of the tower revealed: A nonreflective description of the reflective tower},
  author={Wand, Mitchell and Friedman, Daniel P},
  journal={Lisp and Symbolic Computation},
  volume={1},
  number={1},
  pages={11--38},
  year={1988},
  publisher={Springer}
}

@article{amin2017collapsing,
  title={Collapsing towers of interpreters},
  author={Amin, Nada and Rompf, Tiark},
  journal={Proceedings of the ACM on Programming Languages},
  volume={2},
  number={POPL},
  pages={52},
  year={2017},
  publisher={ACM}
}